@inproceedings{Beets2000SupersamplingAA,
  title={Super-sampling Anti-aliasing Analyzed},
  author={Kristof Beets and Dave Barron},
  year={2000}
}
